
@article{balducci2020affective,
title={Affective states recognition through touch dynamics},
author={Balducci, F. and Impedovo, D. and Macchiarulo, N. and Pirlo, G.},
journal={Multimedia Tools and Applications},
volume={79},
pages={35909--35926},
year={2020},
publisher={Springer}
}
@article{barrett2004journal,
title={Journal of Personality and Social Psychology},
author={Barrett, L. F. and others},
journal={Journal of Personality and Social Psychology},
volume={87},
number={5},
pages={684--697},
year={2004}
}
@inproceedings{kantharia2015facial,
title={Facial behavior recognition using soft computing techniques: A survey},
author={Kantharia, K. J. and G. I. P.},
booktitle={Proceedings of the International Conference on Advances in Computer Engineering and Applications},
pages={30--34},
year={2015},
organization={IEEE}
}
@article{gelbrich2021emotional,
title={Emotional support from a digital assistant in technology-mediated services: Effects on customer satisfaction and behavioral persistence},
author={Gelbrich, Katja and Hagel, Joachim and Orsingher, Chiara},
journal={International Journal of Research in Marketing},
volume={38},
number={1},
pages={176--193},
year={2021},
publisher={Elsevier}
}
@article{ghosh2019emotion,
title={Emotion detection from touch interactions during text entry on smartphones},
author={Ghosh, Soumya and Hiware, Karan and Ganguly, Niloy and Mitra, Bhabatosh and De, Pradipta},
journal={International Journal of Human-Computer Studies},
volume={130},
pages={47--57},
year={2019},
publisher={Elsevier}
}
@article{inkster2018empathy,
title={An empathy-driven, conversational artificial intelligence agent (wysa) for digital mental well-being: real-world data evaluation mixed-methods study},
author={Inkster, Becky and Sarda, Shilpa and Subramanian, Vinod},
journal={JMIR mHealth and uHealth},
volume={6},
number={11},
pages={e12106},
year={2018},
publisher={JMIR Publications Inc.}
}
@article{lim2016cultural,
title={Cultural differences in emotion: differences in emotional arousal level between the East and the West},
author={Lim, Narun},
journal={Integrative Medicine Research},
volume={5},
number={2},
pages={105--109},
year={2016},
publisher={Elsevier}
}
@inproceedings{mariacher2021investigating,
title={Investigating perceptions of social intelligence in simulated human-chatbot interactions},
author={Mariacher, Nikolas and Schl{"o}gl, Stephan and Monz, Alexander},
booktitle={Progresses in Artificial Intelligence and Neural Systems},
pages={513--529},
year={2021},
organization={Springer}
}
@article{mehendale2020facial,
title={Facial emotion recognition using convolutional neural networks (ferc)},
author={Mehendale, Niranjan},
journal={SN Applied Sciences},
volume={2},
year={2020},
publisher={Springer}
}
@article{picard2000affective,
title={Affective computing},
author={Picard, R. W.},
journal={Journal of Advanced Composition},
year={2000}
}
@incollection{plutchik1980general,
title={A general psychoevolutionary theory of emotion},
author={Plutchik, Robert},
booktitle={Theories of emotion},
pages={3--33},
year={1980},
publisher={Elsevier}
}
@article{poria2017review,
title={A review of affective computing: From unimodal analysis to multimodal fusion},
author={Poria, Soujanya and Cambria, Erik and Bajpai, Rajiv and Hussain, Amir},
journal={Information Fusion},
volume={37},
pages={98--125},
year={2017},
publisher={Elsevier}
}
@article{salama2020deep,
title={A deep facial recognition system using computational intelligent algorithms},
author={Salama AbdELminaam, Dalia and Almansori, Abdullah M and Taha, Mokhtar and Badr, Essam},
journal={Plos one},
volume={15},
number={12},
pages={e0242269},
year={2020},
publisher={Public Library of Science}
}
@article{tsai2007journal,
title={Journal of Personality and Social Psychology},
author={Tsai, Jeanne L and others},
journal={Journal of Personality and Social Psychology},
volume={92},
number={6},
pages={1102--1117},
year={2007}
}
Bibtex - @inproceedings{kim2024understanding,
title={Understanding users' dissatisfaction with chatgpt responses: Types, resolving tactics, and the effect of knowledge level},
author={Kim, Yoonsu and Lee, Jueon and Kim, Seoyoung and Park, Jaehyuk and Kim, Juho},
booktitle={Proceedings of the 29th International Conference on Intelligent User Interfaces},
pages={385--404},
year={2024}
}
@article{blair2005responding,
title={Responding to the emotions of others: Dissociating forms of empathy through the study of typical and psychiatric populations},
author={Blair, Robert James R},
journal={Consciousness and cognition},
volume={14},
number={4},
pages={698--718},
year={2005},
publisher={Elsevier}
}
@article{smidt2015brief,
title={A brief, but nuanced, review of emotional granularity and emotion differentiation research},
author={Smidt, Katharine E and Suvak, Michael K},
journal={Current Opinion in Psychology},
volume={3},
pages={48--51},
year={2015},
publisher={Elsevier}
}
@inproceedings{oberlander2018analysis,
title={An analysis of annotated corpora for emotion classification in text},
author={Oberlander, Laura Ana Maria and Klinger, Roman},
booktitle={Proceedings of the 27th international conference on computational linguistics},
pages={2104--2119},
year={2018}
}
@incollection{schleicher2014evoking,
title={Evoking emotions and evaluating emotional impact},
author={Schleicher, Robert and Antons, Jan-Niklas},
booktitle={Quality of Experience: Advanced Concepts, Applications and Methods},
pages={121--132},
year={2014},
publisher={Springer}
}

@article{mollahosseini2017affectnet,
title={Affectnet: A database for facial expression, valence, and arousal computing in the wild},
author={Mollahosseini, Ali and Hasani, Behzad and Mahoor, Mohammad H},
journal={IEEE Transactions on Affective Computing},
volume={10},
number={1},
pages={18--31},
year={2017},
publisher={IEEE}
}

@article{skaramagkas2023esee,
  title={eSEE-d: Emotional state estimation based on eye-tracking dataset},
  author={Skaramagkas, Vasileios and Ktistakis, Emmanouil and Manousos, Dimitris and Kazantzaki, Eleni and Tachos, Nikolaos S and Tripoliti, Evanthia and Fotiadis, Dimitrios I and Tsiknakis, Manolis},
  journal={Brain Sciences},
  volume={13},
  number={4},
  pages={589},
  year={2023},
  publisher={MDPI}
}

@article{ekman1971constants,
  title={Constants across cultures in the face and emotion.},
  author={Ekman, Paul and Friesen, Wallace V},
  journal={Journal of personality and social psychology},
  volume={17},
  number={2},
  pages={124},
  year={1971},
  publisher={American Psychological Association}
}

@article{davidson1998affective,
  title={Affective style and affective disorders: Perspectives from affective neuroscience},
  author={Davidson, Richard J},
  journal={Cognition \& emotion},
  volume={12},
  number={3},
  pages={307--330},
  year={1998},
  publisher={Taylor \& Francis}
}

@article{busso2008iemocap,
  title={IEMOCAP: Interactive emotional dyadic motion capture database},
  author={Busso, Carlos and Bulut, Murtaza and Lee, Chi-Chun and Kazemzadeh, Abe and Mower, Emily and Kim, Samuel and Chang, Jeannette N and Lee, Sungbok and Narayanan, Shrikanth S},
  journal={Language resources and evaluation},
  volume={42},
  pages={335--359},
  year={2008},
  publisher={Springer}
}

@book{pedrycz1998introduction,
  title={An Introduction to Fuzzy Sets: Analysis and Design},
  author={Pedrycz, W},
  year={1998},
  publisher={MIT press}
}

@misc{challenges-in-representation-learning-facial-expression-recognition-challenge,
    author = {Dumitru and Ian Goodfellow and Will Cukierski and Yoshua Bengio},
    title = {Challenges in Representation Learning: Facial Expression Recognition Challenge},
    year = {2013},
    howpublished = {\url{https://kaggle.com/competitions/challenges-in-representation-learning-facial-expression-recognition-challenge}},
    note = {Kaggle}
}

@inproceedings{BarsoumICMI2016,
    title={Training Deep Networks for Facial Expression Recognition with Crowd-Sourced Label Distribution},
    author={Barsoum, Emad and Zhang, Cha and Canton Ferrer, Cristian and Zhang, Zhengyou},
    booktitle={ACM International Conference on Multimodal Interaction (ICMI)},
    year={2016}
}
@inproceedings{li2017reliable,
  title={Reliable crowdsourcing and deep locality-preserving learning for expression recognition in the wild},
  author={Li, Shan and Deng, Weihong and Du, JunPing},
  booktitle={Proceedings of the IEEE conference on computer vision and pattern recognition},
  pages={2852--2861},
  year={2017}
}

@inproceedings{dhall2011static,
  title={Static facial expression analysis in tough conditions: Data, evaluation protocol and benchmark},
  author={Dhall, Abhinav and Goecke, Roland and Lucey, Simon and Gedeon, Tom},
  booktitle={2011 IEEE international conference on computer vision workshops (ICCV workshops)},
  pages={2106--2112},
  year={2011},
  organization={IEEE}
}

@misc{wagner2024cage,
      title={CAGE: Circumplex Affect Guided Expression Inference}, 
      author={Niklas Wagner and Felix Mätzler and Samed R. Vossberg and Helen Schneider and Svetlana Pavlitska and J. Marius Zöllner},
      year={2024},
      eprint={2404.14975},
      archivePrefix={arXiv},
      primaryClass={cs.CV}
}

@article{toisoul2021estimation,
  author  = {Antoine Toisoul and Jean Kossaifi and Adrian Bulat and Georgios Tzimiropoulos and Maja Pantic},
  title   = {Estimation of continuous valence and arousal levels from faces in naturalistic conditions},
  journal = {Nature Machine Intelligence},
  year    = {2021},
  url     = {https://www.nature.com/articles/s42256-020-00280-0}
}

@article{Lotfian_2019_3,
	author = {R. Lotfian and C. Busso},
	title = {Building Naturalistic Emotionally Balanced Speech Corpus by Retrieving Emotional Speech From Existing Podcast Recordings},
	journal = {IEEE Transactions on Affective Computing},
	volume = {10},
	number = {4},
	year = {2019},
	pages = {471-483},
	month = {October-December},
	doi={10.1109/TAFFC.2017.2736999},
}

@article{wagner2023dawn,
    title={Dawn of the Transformer Era in Speech Emotion Recognition: Closing the Valence Gap},
    author={Wagner, Johannes and Triantafyllopoulos, Andreas and Wierstorf, Hagen and Schmitt, Maximilian and Burkhardt, Felix and Eyben, Florian and Schuller, Bj{\"o}rn W},
    journal={IEEE Transactions on Pattern Analysis and Machine Intelligence},
    pages={1--13},
    year={2023},
}

@article{livingstone2018ryerson,
  title={The Ryerson Audio-Visual Database of Emotional Speech and Song (RAVDESS): A dynamic, multimodal set of facial and vocal expressions in North American English},
  author={Livingstone, Steven R and Russo, Frank A},
  journal={PloS one},
  volume={13},
  number={5},
  pages={e0196391},
  year={2018},
  publisher={Public Library of Science San Francisco, CA USA}
}

@article{lotfian2017building,
  title={Building naturalistic emotionally balanced speech corpus by retrieving emotional speech from existing podcast recordings},
  author={Lotfian, Reza and Busso, Carlos},
  journal={IEEE Transactions on Affective Computing},
  volume={10},
  number={4},
  pages={471--483},
  year={2017},
  publisher={IEEE}
}

@inproceedings{fan2018emotional,
  title={Emotional attention: A study of image sentiment and visual attention},
  author={Fan, Shaojing and Shen, Zhiqi and Jiang, Ming and Koenig, Bryan L and Xu, Juan and Kankanhalli, Mohan S and Zhao, Qi},
  booktitle={Proceedings of the IEEE Conference on computer vision and pattern recognition},
  pages={7521--7531},
  year={2018}
}


@article{ismail2016human,
  title={Human emotion detection via brain waves study by using electroencephalogram (EEG)},
  author={Ismail, WOAS Wan and Hanif, M and Mohamed, SB and Hamzah, Noraini and Rizman, Zairi Ismael},
  journal={International Journal on Advanced Science, Engineering and Information Technology},
  volume={6},
  number={6},
  pages={1005--1011},
  year={2016}
}

@article{zhu2019heart,
  title={Heart rate variability monitoring for emotion and disorders of emotion},
  author={Zhu, Jianping and Ji, Lizhen and Liu, Chengyu},
  journal={Physiological measurement},
  volume={40},
  number={6},
  pages={064004},
  year={2019},
  publisher={IOP Publishing}
}

@article{cruz2017human,
  title={Human emotions detection based on a smart-thermal system of thermographic images},
  author={Cruz-Albarran, Irving A and Benitez-Rangel, Juan P and Osornio-Rios, Roque A and Morales-Hernandez, Luis A},
  journal={Infrared Physics \& Technology},
  volume={81},
  pages={250--261},
  year={2017},
  publisher={Elsevier}
}

@inproceedings{savchenko2023emotieffnets,
  title={EmotiEffNets for facial processing in video-based valence-arousal prediction, expression classification and action unit detection},
  author={Savchenko, Andrey V},
  booktitle={Proceedings of the IEEE/CVF Conference on Computer Vision and Pattern Recognition},
  pages={5716--5724},
  year={2023}
}

@article{savchenko2024hsemotion,
  title={Hsemotion team at the 7th abaw challenge: Multi-task learning and compound facial expression recognition},
  author={Savchenko, Andrey V},
  journal={arXiv preprint arXiv:2407.13184},
  year={2024}
}


@article{kollias2018aff,
  title={Aff-wild2: Extending the aff-wild database for affect recognition},
  author={Kollias, Dimitrios and Zafeiriou, Stefanos},
  journal={arXiv preprint arXiv:1811.07770},
  year={2018}
}

@article{kosti2019context,
  title={Context based emotion recognition using emotic dataset},
  author={Kosti, Ronak and Alvarez, Jose M and Recasens, Adria and Lapedriza, Agata},
  journal={IEEE transactions on pattern analysis and machine intelligence},
  volume={42},
  number={11},
  pages={2755--2766},
  year={2019},
  publisher={IEEE}
}


@article{tarnowski2020eye,
  title={Eye-Tracking Analysis for Emotion Recognition},
  author={Tarnowski, Pawe{\l} and Ko{\l}odziej, Marcin and Majkowski, Andrzej and Rak, Remigiusz Jan},
  journal={Computational intelligence and neuroscience},
  volume={2020},
  number={1},
  pages={2909267},
  year={2020},
  publisher={Wiley Online Library}
}

@article{schurgin2014eye,
  title={Eye movements during emotion recognition in faces},
  author={Schurgin, MW and Nelson, J and Iida, S and Ohira, H and Chiao, JY and Franconeri, SL},
  journal={Journal of vision},
  volume={14},
  number={13},
  pages={14--14},
  year={2014},
  publisher={The Association for Research in Vision and Ophthalmology}
}

@article{zhang2017speech,
  title={Speech emotion recognition using deep convolutional neural network and discriminant temporal pyramid matching},
  author={Zhang, Shiqing and Zhang, Shiliang and Huang, Tiejun and Gao, Wen},
  journal={IEEE transactions on multimedia},
  volume={20},
  number={6},
  pages={1576--1590},
  year={2017},
  publisher={IEEE}
}

@article{martinez2020msp,
  title={The MSP-conversation corpus},
  author={Martinez-Lucas, Luz and Abdelwahab, Mohammed and Busso, Carlos},
  journal={Interspeech 2020},
  year={2020}
}

@inproceedings{jalal2019spatio,
  title={Spatio-temporal context modelling for speech emotion classification},
  author={Jalal, Md Asif and Moore, Roger K and Hain, Thomas},
  booktitle={2019 IEEE Automatic Speech Recognition and Understanding Workshop (ASRU)},
  pages={853--859},
  year={2019},
  organization={IEEE}
}

@article{brooks2024deep,
  title={Deep learning reveals what facial expressions mean to people in different cultures},
  author={Brooks, Jeffrey A and Kim, Lauren and Opara, Michael and Keltner, Dacher and Fang, Xia and Monroy, Maria and Corona, Rebecca and Tzirakis, Panagiotis and Baird, Alice and Metrick, Jacob and others},
  journal={Iscience},
  volume={27},
  number={3},
  year={2024},
  publisher={Elsevier}
}

@article{cowen2021semantic,
  title={Semantic space theory: A computational approach to emotion},
  author={Cowen, Alan S and Keltner, Dacher},
  journal={Trends in Cognitive Sciences},
  volume={25},
  number={2},
  pages={124--136},
  year={2021},
  publisher={Elsevier}
}

@misc{hume_expression_2025a,
  author = {{Hume AI}},
  title = {Expression Measurement},
  year = {2025},
  url = {https://www.hume.ai/expression-measurement},
  note = {Accessed: March 28, 2025}
}

@misc{hume_api_2025,
  author = {{Hume AI}},
  title = {Expression Measurement - {Hume API}},
  year = {2025},
  url = {https://dev.hume.ai/docs/expression-measurement/overview},
  note = {Accessed: March 28, 2025}
}

@article{brooks2023vocalburst_deep,
  title={Deep learning reveals what vocal bursts express in different cultures},
  author={Brooks, Jeffrey A and Tzirakis, Panagiotis and Baird, Alice and Kim, Lauren and Opara, Michael and Fang, Xia and Keltner, Dacher and Monroy, Maria and Corona, Rebecca and Metrick, Jacob and others},
  journal={Nature Human Behaviour},
  volume={7},
  number={2},
  pages={240--250},
  year={2023},
  publisher={Nature Publishing Group UK London}
}

@inproceedings{tzirakis2023large_vocalburst,
  title={Large-scale nonverbal vocalization detection using transformers},
  author={Tzirakis, Panagiotis and Baird, Alice and Brooks, Jeffrey and Gagne, Christopher and Kim, Lauren and Opara, Michael and Gregory, Christopher and Metrick, Jacob and Boseck, Garrett and Tiruvadi, Vineet and others},
  booktitle={ICASSP 2023-2023 IEEE International Conference on Acoustics, Speech and Signal Processing (ICASSP)},
  pages={1--5},
  year={2023},
  organization={IEEE}
}

@inproceedings{schuller2023acm,
  title={The ACM multimedia 2023 computational paralinguistics challenge: Emotion share \& requests},
  author={Schuller, Bj{\"o}rn W and Batliner, Anton and Amiriparian, Shahin and Barnhill, Alexander and Gerczuk, Maurice and Triantafyllopoulos, Andreas and Baird, Alice E and Tzirakis, Panagiotis and Gagne, Chris and Cowen, Alan S and others},
  booktitle={Proceedings of the 31st ACM International Conference on Multimedia},
  pages={9635--9639},
  year={2023}
}

@article{emotionElictingsiedlecka2019,
  title={Experimental methods for inducing basic emotions: A qualitative review},
  author={Siedlecka, Ewa and Denson, Thomas F},
  journal={Emotion Review},
  volume={11},
  number={1},
  pages={87--97},
  year={2019},
  publisher={Sage Publications Sage UK: London, England}
}

@article{wang2022laugh,
  title={Laugh before you study: does watching funny videos before study facilitate learning?},
  author={Wang, Mengke and Chen, Zengzhao},
  journal={International Journal of Environmental Research and Public Health},
  volume={19},
  number={8},
  pages={4434},
  year={2022},
  publisher={MDPI}
}

@article{speer2017reminiscing,
  title={Reminiscing about positive memories buffers acute stress responses},
  author={Speer, Megan E and Delgado, Mauricio R},
  journal={Nature human behaviour},
  volume={1},
  number={5},
  pages={0093},
  year={2017},
  publisher={Nature Publishing Group UK London}
}

@article{jones2014gaming,
  title={Gaming well: links between videogames and flourishing mental health},
  author={Jones, Christian and Scholes, Laura and Johnson, Daniel and Katsikitis, Mary and Carras, Michelle C},
  journal={Frontiers in psychology},
  volume={5},
  pages={76833},
  year={2014},
  publisher={Frontiers}
}

@article{choi2013audio,
  title={Audio and visual distractions and implicit brand memory: a study of video game players},
  author={Choi, Yung Kyun and Lee, Sung Mi and Li, Hairong},
  journal={Journal of Advertising},
  volume={42},
  number={2-3},
  pages={219--227},
  year={2013},
  publisher={Taylor \& Francis}
}

@article{hanbazazh2021pop,
  title={Pop-up Ads and Behaviour Patterns: A Quantitative Analysis Involving Perception of Saudi Users},
  author={Hanbazazh, Alaa and Reeve, Carlton},
  journal={International Journal of Marketing Studies},
  volume={13},
  number={4},
  pages={31},
  year={2021},
  publisher={Canadian Center of Science and Education}
}

@article{bevilacqua2019game,
  title={Game-calibrated and user-tailored remote detection of stress and boredom in games},
  author={Bevilacqua, Fernando and Engstr{\"o}m, Henrik and Backlund, Per},
  journal={Sensors},
  volume={19},
  number={13},
  pages={2877},
  year={2019},
  publisher={MDPI}
}

@article{ribeiro2019emotional,
  title={Emotional induction through music: Measuring cardiac and electrodermal responses of emotional states and their persistence},
  author={Ribeiro, Fabiana Silva and Santos, Fl{\'a}via Helo{\'\i}sa and Albuquerque, Pedro Barbas and Oliveira-Silva, Patr{\'\i}cia},
  journal={Frontiers in psychology},
  volume={10},
  pages={451},
  year={2019},
  publisher={Frontiers Media SA}
}

@inproceedings{nojavanasghari2016emoreact,
  title={Emoreact: a multimodal approach and dataset for recognizing emotional responses in children},
  author={Nojavanasghari, Behnaz and Baltru{\v{s}}aitis, Tadas and Hughes, Charles E and Morency, Louis-Philippe},
  booktitle={Proceedings of the 18th acm international conference on multimodal interaction},
  pages={137--144},
  year={2016}
}

@article{kuijsters2016inducing,
  title={Inducing sadness and anxiousness through visual media: Measurement techniques and persistence},
  author={Kuijsters, Andre and Redi, Judith and De Ruyter, Boris and Heynderickx, Ingrid},
  journal={Frontiers in psychology},
  volume={7},
  pages={1141},
  year={2016},
  publisher={Frontiers Media SA}
}

@article{maffei2019movie,
  title={E-MOVIE-Experimental MOVies for Induction of Emotions in neuroscience: An innovative film database with normative data and sex differences},
  author={Maffei, Antonio and Angrilli, Alessandro},
  journal={Plos one},
  volume={14},
  number={10},
  pages={e0223124},
  year={2019},
  publisher={Public Library of Science San Francisco, CA USA}
}

@misc{redditLittleMotel,
  author = {{Reddit users}},
  title = {Daily Song Discussion 124: Little Motel},
  howpublished = {\url{https://www.reddit.com/r/ModestMouse/comments/137ax8j/daily_song_discussion_124_little_motel/}},
  note = {Accessed: 2025-04-17}
}

@article{bench2013function,
  title={On the function of boredom},
  author={Bench, Shane W and Lench, Heather C},
  journal={Behavioral Sciences},
  volume={3},
  number={3},
  pages={459--472},
  year={2013},
  publisher={Multidisciplinary Digital Publishing Institute}
}

@article{markey2014identifying,
  title={Identifying a reliable boredom induction},
  author={Markey, Amanda and Chin, Alycia and Vanepps, Eric M and Loewenstein, George},
  journal={Perceptual and Motor Skills},
  volume={119},
  number={1},
  pages={237--253},
  year={2014},
  publisher={SAGE Publications}
}

@article{norscia2020auditory,
  title={Auditory contagious yawning is highest between friends and family members: Support to the emotional bias hypothesis},
  author={Norscia, Ivan and Zanoli, Anna and Gamba, Marco and Palagi, Elisabetta},
  journal={Frontiers in Psychology},
  volume={11},
  pages={442},
  year={2020},
  publisher={Frontiers Media SA}
}

@misc{psychologytoday_weightless,
  author = {Psychology Today},
  title = {This Song Can Induce More Relaxation Than a Massage},
  year = {2020},
  note = {\url{https://www.psychologytoday.com/us/blog/the-reality-of-gen-z/202007/this-song-can-induce-more-relaxation-than-a-massage}},
  howpublished = {Accessed: 2025-04-17}
}

@misc{cooper2011study,
  title={A Study Investigating the Relaxation Effects of the Music Track Weightless by Marconi Union in Consultation with Lyz Cooper},
  author={Cooper, LA},
  year={2011}
}

@article{russell1980circumplex,
  title={A circumplex model of affect.},
  author={Russell, James A},
  journal={Journal of personality and social psychology},
  volume={39},
  number={6},
  pages={1161},
  year={1980},
  publisher={American Psychological Association}
}

@article{posner2005circumplex,
  title={The circumplex model of affect: An integrative approach to affective neuroscience, cognitive development, and psychopathology},
  author={Posner, Jonathan and Russell, James A and Peterson, Bradley S},
  journal={Development and psychopathology},
  volume={17},
  number={3},
  pages={715--734},
  year={2005},
  publisher={Cambridge University Press}
}

@article{paltoglou2012seeing,
  title={Seeing stars of valence and arousal in blog posts},
  author={Paltoglou, Georgios and Thelwall, Michael},
  journal={IEEE Transactions on Affective Computing},
  volume={4},
  number={1},
  pages={116--123},
  year={2012},
  publisher={IEEE}
}

@article{wang2023emotional,
  title={Emotional intelligence of large language models},
  author={Wang, Xuena and Li, Xueting and Yin, Zi and Wu, Yue and Liu, Jia},
  journal={Journal of Pacific Rim Psychology},
  volume={17},
  pages={18344909231213958},
  year={2023},
  publisher={SAGE Publications Sage UK: London, England}
}

@article{sabour2024emobench,
  title={Emobench: Evaluating the emotional intelligence of large language models},
  author={Sabour, Sahand and Liu, Siyang and Zhang, Zheyuan and Liu, June M and Zhou, Jinfeng and Sunaryo, Alvionna S and Li, Juanzi and Lee, Tatia and Mihalcea, Rada and Huang, Minlie},
  journal={arXiv preprint arXiv:2402.12071},
  year={2024}
}

@article{kutsuzawa2022classification,
  title={Classification of 74 facial emoji’s emotional states on the valence-arousal axes},
  author={Kutsuzawa, Gaku and Umemura, Hiroyuki and Eto, Koichiro and Kobayashi, Yoshiyuki},
  journal={Scientific Reports},
  volume={12},
  number={1},
  pages={398},
  year={2022},
  publisher={Nature Publishing Group UK London}
}

@misc{modest_mouse_little_motel,
  author       = {Modest Mouse},
  title        = {{Little Motel}},
  howpublished = {\url{https://www.youtube.com/watch?v=zqQTODR3kR8}},
  year         = {2007},
}

@misc{jls_pink_elephant,
  author       = {{Just For Laughs Gags}},
  title        = {{Pink Elephant Prank}},
  howpublished = {\url{https://www.youtube.com/watch?v=ZwJfXgTO7J4}},
  year         = {2011},
  note         = {Accessed: 2025-01-04}
}

@misc{soundsforyou_traffic_noise,
  author       = {soundsforyou},
  title        = {{BUSY TRAFFIC NOISES, CAR HORNS (SOUND EFFECTS) HD}},
  howpublished = {\url{https://www.youtube.com/watch?v=d0k1JFAAMCo}},
  year         = {2021},
  note         = {Accessed: 2025-1-05}
}

@misc{luiza_lootens_champ_final,
  author       = {Luiza Lootens},
  title        = {{The Champ (1979) - Final}},
  howpublished = {\url{https://www.youtube.com/watch?v=b5qwTeCj4jc}},
  year         = {2013},
  note         = {Accessed: 2023-10-05}
}

@misc{atomic_filmmaker_boring_video,
  author       = {Atomic Filmmaker},
  title        = {{The World's Most BORING video...}},
  howpublished = {\url{https://www.youtube.com/watch?v=lVrYV0odeFY}},
  year         = {2013},
  note         = {Accessed: 2025-01-08}
}

@misc{buzzfeed_yawning_video,
  author       = {BuzzFeedVideo},
  title        = {{Can You Watch This Without Yawning?}},
  howpublished = {\url{https://www.youtube.com/watch?v=M3QYDtSbhrA}}, 
  year         = {2018},
  note         = {Accessed: 2025-01-09}
}

@misc{jm_professor_relaxing_music,
  author       = {JM Professor},
  title        = {{Relaxing Music and Rain | Stress Relief Calm Sleep 1 Hour}},
  howpublished = {\url{https://www.youtube.com/watch?v=PjUZbgZfMOo}},
  year         = {2024},
  note         = {Accessed: 2023-10-05}
}

@misc{calm2020breathe,
  author = {{Calm}},
  title = {Breathe Bubble},
  year = {2020},
  howpublished = {\url{https://www.youtube.com/watch?v=uxayUBd6T7M}},
  note = {Accessed: 2025-01-04}
}

@misc{justmusictv2015weightless,
  author = {{JustMusicTV}},
  title = {Marconi Union - Weightless (Official Video)},
  year = {2015},
  howpublished = {\url{https://www.youtube.com/watch?v=UfcAVejslrU}},
  note = {Accessed: 2024-12-28}
}

@article{moise2020reinforcement,
  title={Reinforcement learning for personalization: A systematic literature review},
  author={Moise, Irina and Ga{\v{s}}evi{\'c}, Dragan and Hauge, Jannicke Baalsrud},
  journal={Data Science},
  volume={3},
  number={2},
  pages={107--147},
  year={2020},
  publisher={IOS Press}
}

@misc{netflix2018artwork,
  title={Artwork Personalization at Netflix},
  author={Netflix Technology Blog},
  howpublished={\url{https://medium.com/netflix-techblog/artwork-personalization-c589f074ad76}},
  year={2018}
}

@article{liu2022deep,
  title={Deep reinforcement learning for personalized treatment recommendation},
  author={Liu, Siqi and See, Kay Choong and Ngiam, Kee Yuan and Celi, Leo Anthony and Sun, Xingzhi and Feng, Mengling},
  journal={Statistics in Medicine},
  volume={41},
  number={20},
  pages={4034--4056},
  year={2022},
  publisher={Wiley Online Library}
}

@article{wang2019personalized,
  title={Personalized project recommendations: using reinforcement learning},
  author={Wang, Huimu and Fu, Yueqi and Liao, Qinyi and Huang, Dehai},
  journal={EURASIP Journal on Wireless Communications and Networking},
  volume={2019},
  number={1},
  pages={1--11},
  year={2019},
  publisher={Springer}
}

@misc{edirisinghe2020reinforcement,
  title={Reinforcement Learning For Personalized Recommendations},
  author={Edirisinghe, Rukshan},
  year={2020},
  publisher={ResearchGate}
}